@article{DBLP:journals/iacr/BernsteinCLV16,
  author    = {Daniel J. Bernstein and
               Chitchanok Chuengsatiansup and
               Tanja Lange and
               Christine van Vredendaal},
  title     = {{NTRU} Prime},
  journal   = {{IACR} Cryptology ePrint Archive},
  volume    = {2016},
  pages     = {461},
  year      = {2016},
  url       = {http://eprint.iacr.org/2016/461},
  timestamp = {Sat, 11 Jun 2016 18:59:57 +0200},
  biburl    = {http://dblp.uni-trier.de/rec/bib/journals/iacr/BernsteinCLV16},
  bibsource = {dblp computer science bibliography, http://dblp.org}
}

@inproceedings{DBLP:conf/fc/RohloffC14,
  author    = {Kurt Rohloff and
               David Bruce Cousins},
  title     = {A Scalable Implementation of Fully Homomorphic Encryption Built on
               {NTRU}},
  booktitle = {Financial Cryptography and Data Security - {FC} 2014 Workshops, {WAHC} 2014, Christ Church, Barbados, March 7, 2014, Revised Selected
               Papers},
  pages     = {221--234},
  year      = {2014},
  url       = {https://web.njit.edu/~rohloff/papers/2014/Rohloff_Cousins_WAHC_2014_final.pdf},
  doi       = {10.1007/978-3-662-44774-1_18},
  timestamp = {Fri, 19 Dec 2014 16:49:47 +0100},
  biburl    = {http://dblp.uni-trier.de/rec/bib/conf/fc/RohloffC14},
  bibsource = {dblp computer science bibliography, http://dblp.org}
}

@inproceedings{DBLP:conf/stoc/Gentry09,
  author    = {Craig Gentry},
  title     = {Fully homomorphic encryption using ideal lattices},
  booktitle = {Proceedings of the 41st Annual {ACM} Symposium on Theory of Computing,
               {STOC} 2009, Bethesda, MD, USA, May 31 - June 2, 2009},
  pages     = {169--178},
  year      = {2009},
  url       = {http://doi.acm.org/10.1145/1536414.1536440},
  doi       = {10.1145/1536414.1536440},
  timestamp = {Fri, 05 Jun 2009 09:34:35 +0200},
  biburl    = {http://dblp.uni-trier.de/rec/bib/conf/stoc/Gentry09},
  bibsource = {dblp computer science bibliography, http://dblp.org}
}

@inproceedings{DBLP:conf/eurocrypt/DijkGHV10,
  author    = {Marten van Dijk and
               Craig Gentry and
               Shai Halevi and
               Vinod Vaikuntanathan},
  title     = {Fully Homomorphic Encryption over the Integers},
  booktitle = {Advances in Cryptology - {EUROCRYPT} 2010, 29th Annual International
               Conference on the Theory and Applications of Cryptographic Techniques,
               French Riviera, May 30 - June 3, 2010. Proceedings},
  pages     = {24--43},
  year      = {2010},
  url       = {http://dx.doi.org/10.1007/978-3-642-13190-5_2},
  doi       = {10.1007/978-3-642-13190-5_2},
  timestamp = {Tue, 08 Jun 2010 09:21:44 +0200},
  biburl    = {http://dblp.uni-trier.de/rec/bib/conf/eurocrypt/DijkGHV10},
  bibsource = {dblp computer science bibliography, http://dblp.org}
}

@inproceedings{DBLP:conf/eurocrypt/GentryH11,
  author    = {Craig Gentry and
               Shai Halevi},
  title     = {Implementing Gentry's Fully-Homomorphic Encryption Scheme},
  booktitle = {Advances in Cryptology - {EUROCRYPT} 2011 - 30th Annual International
               Conference on the Theory and Applications of Cryptographic Techniques,
               Tallinn, Estonia, May 15-19, 2011. Proceedings},
  pages     = {129--148},
  year      = {2011},
  url       = {http://dx.doi.org/10.1007/978-3-642-20465-4_9},
  doi       = {10.1007/978-3-642-20465-4_9},
  timestamp = {Thu, 05 May 2011 18:04:16 +0200},
  biburl    = {http://dblp.uni-trier.de/rec/bib/conf/eurocrypt/GentryH11},
  bibsource = {dblp computer science bibliography, http://dblp.org}
}

@proceedings{DBLP:conf/stoc/2012,
  editor    = {Howard J. Karloff and
               Toniann Pitassi},
  title     = {Proceedings of the 44th Symposium on Theory of Computing Conference,
               {STOC} 2012, New York, NY, USA, May 19 - 22, 2012},
  publisher = {{ACM}},
  year      = {2012},
  url       = {http://dl.acm.org/citation.cfm?id=2213977},
  isbn      = {978-1-4503-1245-5},
  timestamp = {Tue, 22 May 2012 21:36:43 +0200},
  biburl    = {http://dblp.uni-trier.de/rec/bib/conf/stoc/2012},
  bibsource = {dblp computer science bibliography, http://dblp.org}
}

@book{Hoffstein:2014:IMC:2682593,
 author = {Hoffstein, Jeffrey and Pipher, Jill and Silverman, Joseph H.},
 title = {An Introduction to Mathematical Cryptography},
 year = {2014},
 isbn = {9781493917105},
 edition = {2nd},
 publisher = {Springer Publishing Company, Incorporated}
}

@inproceedings{DBLP:conf/stoc/Lopez-AltTV12,
  author    = {Adriana L{\'{o}}pez{-}Alt and
               Eran Tromer and
               Vinod Vaikuntanathan},
  title     = {On-the-fly multiparty computation on the cloud via multikey fully
               homomorphic encryption},
  booktitle = {{STOC}},
  pages     = {1219--1234},
  publisher = {{ACM}},
  year      = {2012}
}

@article{DBLP:journals/iacr/DorozHS14,
  author    = {Yarkin Dor{\"{o}}z and
               Yin Hu and
               Berk Sunar},
  title     = {Homomorphic {AES} Evaluation using {NTRU}},
  journal   = {{IACR} Cryptology ePrint Archive},
  volume    = {2014},
  pages     = {39},
  year      = {2014},
  url       = {http://eprint.iacr.org/2014/039},
  timestamp = {Mon, 12 May 2014 15:12:09 +0200},
  biburl    = {http://dblp.uni-trier.de/rec/bib/journals/iacr/DorozHS14},
  bibsource = {dblp computer science bibliography, http://dblp.org}
}

@article{DBLP:journals/eccc/BrakerskiGV11,
  author    = {Zvika Brakerski and
               Craig Gentry and
               Vinod Vaikuntanathan},
  title     = {Fully Homomorphic Encryption without Bootstrapping},
  journal   = {Electronic Colloquium on Computational Complexity {(ECCC)}},
  volume    = {18},
  pages     = {111},
  year      = {2011},
  url       = {http://eccc.hpi-web.de/report/2011/111},
  timestamp = {Wed, 07 Dec 2011 17:05:30 +0100},
  biburl    = {http://dblp.uni-trier.de/rec/bib/journals/eccc/BrakerskiGV11},
  bibsource = {dblp computer science bibliography, http://dblp.org}
}

@online{kaputt,
  title = {Kaputt},
  author = {Xavier Clerc},
  year = 2012,
  url = {http://kaputt.x9c.fr},
  urldate = {2017-04-06}
}
@online{ounit,
  title = {OUnit},
  author = {OCamlCore SARL},
  year = 2010,
  url = {http://ounit.forge.ocamlcore.org},
  urldate = {2017-04-06}
}

@manual{ocaml,
  author =       {Xavier Leroy and Damien Doligez and Alain Frisch and
Jacques Garrigue
                  and Didier R\'emy and J\'er\^ome Vouillon},
  title =        {The OCaml system (release 4.04): Documentation and
user's manual},
  organization = {Institut National de Recherche en Informatique et en
Automatique},
  year = 2016,
  month = nov,
  url = {http://caml.inria.fr/distrib/ocaml-4.04/ocaml-4.04-refman.pdf},
}

@article{ziggurat,
  author    = {Johannes A. Buchmann and
               Daniel Cabarcas and
               Florian G{\"{o}}pfert and
               Andreas H{\"{u}}lsing and
               Patrick Weiden},
  title     = {Discrete Ziggurat: {A} Time-Memory Trade-off for Sampling from a Gaussian
               Distribution over the Integers},
  journal   = {{IACR} Cryptology ePrint Archive},
  volume    = {2013},
  pages     = {510},
  year      = {2013},
  url       = {http://eprint.iacr.org/2013/510},
  timestamp = {Wed, 08 Apr 2015 16:21:37 +0200},
  biburl    = {http://dblp.uni-trier.de/rec/bib/journals/iacr/BuchmannCGHW13},
  bibsource = {dblp computer science bibliography, http://dblp.org}
}